@article{kish2006protection,
  title={Protection against the man-in-the-middle-attack for the Kirchhoff-loop-Johnson (-like)-noise cipher and expansion by voltage-based security},
  author={Kish, Laszlo B},
  journal={Fluctuation and Noise Letters},
  volume={6},
  number={01},
  pages={L57--L63},
  year={2006},
  publisher={World Scientific}
}
@inproceedings{meyer2004man,
  title={A man-in-the-middle attack on UMTS},
  author={Meyer, Ulrike and Wetzel, Susanne},
  booktitle={Proceedings of the 3rd ACM workshop on Wireless security},
  pages={90--97},
  year={2004},
  organization={ACM}
}
@inproceedings{hypponen2007nino,
  title={“Nino” man-in-the-middle attack on bluetooth secure simple pairing},
  author={Hypponen, Konstantin and Haataja, Keijo MJ},
  booktitle={2007 3rd IEEE/IFIP International Conference in Central Asia on Internet},
  pages={1--5},
  year={2007},
  organization={IEEE}
}
@incollection{saif2018implementation,
  title={Implementation of Cloud-Assisted Secure Data Transmission in WBAN for Healthcare Monitoring},
  author={Saif, Sohail and Gupta, Rajni and Biswas, Suparna},
  booktitle={Advanced Computational and Communication Paradigms},
  pages={665--674},
  year={2018},
  publisher={Springer}
}
@article{sun2018man,
  title={Man-in-the-middle attacks on Secure Simple Pairing in Bluetooth standard V5. 0 and its countermeasure},
  author={Sun, Da-Zhi and Mu, Yi and Susilo, Willy},
  journal={Personal and Ubiquitous Computing},
  volume={22},
  number={1},
  pages={55--67},
  year={2018},
  publisher={Springer-Verlag}
}
@inproceedings{ouafi2008security,
  title={On the security of HB\# against a man-in-the-middle attack},
  author={Ouafi, Khaled and Overbeck, Raphael and Vaudenay, Serge},
  booktitle={International Conference on the Theory and Application of Cryptology and Information Security},
  pages={108--124},
  year={2008},
  organization={Springer}
}
@article{callegati2009man,
  title={Man-in-the-Middle Attack to the HTTPS Protocol},
  author={Callegati, Franco and Cerroni, Walter and Ramilli, Marco},
  journal={IEEE Security \& Privacy},
  volume={7},
  number={1},
  pages={78--81},
  year={2009},
  publisher={IEEE}
}
@inproceedings{joshi2009mitigating,
  title={Mitigating man in the middle attack over secure sockets layer},
  author={Joshi, Yogesh and Das, Debabrata and Saha, Subir},
  booktitle={2009 IEEE International Conference on Internet Multimedia Services Architecture and Applications (IMSAA)},
  pages={1--5},
  year={2009},
  organization={IEEE}
}   
@article{desmedt2011man,
  title={Man-in-the-middle attack},
  author={Desmedt, Yvo},
  journal={Encyclopedia of cryptography and security},
  pages={759--759},
  year={2011},
  publisher={Springer}
}@inproceedings{sounthiraraj2014smv,
  title={Smv-hunter: Large scale, automated detection of ssl/tls man-in-the-middle vulnerabilities in android apps},
  author={Sounthiraraj, David and Sahs, Justin and Greenwood, Garret and Lin, Zhiqiang and Khan, Latifur},
  booktitle={In Proceedings of the 21st Annual Network and Distributed System Security Symposium (NDSS’14},
  year={2014},
  organization={Citeseer}
}